@article{article,
author = {Obradovic, Aleksandar and Šalinić, Slaviša and Radulovic, Radoslav},
year = {2017},
month = {12},
pages = {237-254},
title = {The brachistochronic motion of a vertical disk rolling on a horizontal plane without slip},
volume = {44},
journal = {Theoretical and Applied Mechanics},
doi = {10.2298/TAM171002015O}
}
